@incollection{dwork2006our,
  title={Our data, ourselves: Privacy via distributed noise generation},
  author={Dwork, Cynthia and Kenthapadi, Krishnaram and McSherry, Frank and Mironov, Ilya and Naor, Moni},
  booktitle={Advances in Cryptology - EUROCRYPT 2006},
  pages={486--503},
  year={2006},
  publisher={Springer},
  url = "http://research.microsoft.com/apps/pubs/default.aspx?id=65086",
  urldate = "2014-05-14"
}
@incollection{dwork_calibrating_2006,
	series = {Lecture Notes in Computer Science},
	title = {Calibrating Noise to Sensitivity in Private Data Analysis},
	number = {3876},
	booktitle = {Theory of Cryptography},
	publisher = {Springer Berlin Heidelberg},
	author = {Dwork, Cynthia and {McSherry}, Frank and Nissim, Kobbi and Smith, Adam},
	editor = {Halevi, Shai and Rabin, Tal},
	month = jan,
	year = {2006},
	pages = {265--284},
  url = {http://www.cse.psu.edu/~asmith/privacy598/papers/dmns06.pdf},
  urldate = "2014-05-04"
}
@inproceedings{dwork2010boosting,
  title={Boosting and differential privacy},
  author={Dwork, Cynthia and Rothblum, Guy N and Vadhan, Salil},
  booktitle={51st Annual IEEE Symposium on Foundations of Computer Science (FOCS 2010)},
  pages={51--60},
  year={2010},
  organization={IEEE},
  url={http://privacytools.seas.harvard.edu/files/privacytools/files/05670947.pdf},
  urldate={2014-05-04}
}
@article{azuma1967weighted,
  title={Weighted sums of certain dependent random variables},
  author={Azuma, Kazuoki and others},
  journal={T\^ohoku Mathematical Journal},
  volume={19},
  number={3},
  pages={357--367},
  year={1967},
  publisher={T\^ohoku University},
  url={https://projecteuclid.org/download/pdf_1/euclid.tmj/1178243286},
  urldate={2014-05-04}
}
@article{oh2013composition,
  title={The Composition Theorem for Differential Privacy},
  author={Oh, Sewoong and Viswanath, Pramod},
  journal={arXiv preprint arXiv:1311.0776},
  year={2013},
  url={http://arxiv.org/abs/1311.0776},
  urldate={2014-05-04}
}
@inproceedings{chen2012integrating,
  title={Integrating historical noisy answers for improving data utility under differential privacy},
  author={Chen, Shixi and Zhou, Shuigeng and Bhowmick, Sourav S},
  booktitle={Proceedings of the 15th International Conference on Extending Database Technology},
  pages={62--73},
  year={2012},
  organization={ACM},
  url={http://www.edbt.org/Proceedings/2012-Berlin/papers/edbt/a19-chen.pdf},
  urldate={2014-05-04}
}
@inproceedings{dinur2003revealing,
  title={Revealing information while preserving privacy},
  author={Dinur, Irit and Nissim, Kobbi},
  booktitle={Proceedings of the twenty-second ACM SIGMOD-SIGACT-SIGART symposium on Principles of database systems},
  pages={202--210},
  year={2003},
  organization={ACM},
  url={http://www.cs.bgu.ac.il/~kobbi/papers/psd.pdf},
  urldate={2014-05-04}
}
@inproceedings{mcsherry2007mechanism,
  title={Mechanism design via differential privacy},
  author={McSherry, Frank and Talwar, Kunal},
  booktitle={48th Annual IEEE Symposium on Foundations of Computer Science (FOCS 2007)},
  pages={94--103},
  year={2007},
  organization={IEEE},
  url={http://ieeexplore.ieee.org/stamp/stamp.jsp?tp=&arnumber=4389483},
  urldate={2014-05-04}
}
@article{blum2013learning,
  title={A learning theory approach to noninteractive database privacy},
  author={Blum, Avrim and Ligett, Katrina and Roth, Aaron},
  journal={Journal of the ACM (JACM)},
  volume={60},
  number={2},
  pages={12},
  year={2013},
  publisher={ACM},
  url={http://www.cs.cmu.edu/~avrim/Papers/privacy.pdf},
  urldate={2014-05-04}
}
@incollection{ullman2011pcps,
  title={PCPs and the hardness of generating private synthetic data},
  author={Ullman, Jonathan and Vadhan, Salil},
  booktitle={Theory of Cryptography},
  pages={400--416},
  year={2011},
  publisher={Springer},
  url={http://eccc.hpi-web.de/report/2010/017/revision/1/download/},
  urldate={2014-05-05}
}
@inproceedings{ullman2013answering,
  title={Answering $n^{2+ o (1)}$ counting queries with differential privacy is hard},
  author={Ullman, Jonathan},
  booktitle={Proceedings of the 45th annual ACM symposium on Symposium on theory of computing},
  pages={361--370},
  year={2013},
  organization={ACM},
  url={http://arxiv.org/pdf/1207.6945.pdf},
  urldate={2014-05-05}
}
@book{shawe2004kernel,
  title={Kernel methods for pattern analysis},
  author={Shawe-Taylor, John and Cristianini, Nello},
  year={2004},
  publisher={Cambridge university press}
}
@book{liu2011kernel,
  title={Kernel Adaptive Filtering: A Comprehensive Introduction},
  author={Liu, Weifeng and Principe, Jose C and Haykin, Simon},
  volume={57},
  year={2011},
  publisher={John Wiley \& Sons}
}
@article{Indritz1961,
 title = {An Inequality for Hermite Polynomials},
 author = {Jack Indritz},
 journal = {Proceedings of the American Mathematical Society},
 volume = {12},
 number = {6},
 pages = {981--983},
 year = {1961},
 publisher = {American Mathematical Society},
 url = {http://www.jstor.org/stable/2034406},
 urldate = {2014-05-05}
}
@inproceedings{wang2013efficient,
  title={Efficient algorithm for privately releasing smooth queries},
  author={Wang, Ziteng and Fan, Kai and Zhang, Jiaqi and Wang, Liwei},
  booktitle={Advances in Neural Information Processing Systems},
  pages={782--790},
  year={2013},
  url={http://papers.nips.cc/paper/5011-efficient-algorithm-for-privately-releasing-smooth-queries.pdf},
  urldate={2014-05-06}
}
@article{Anstreicher:1999,
 author = {Anstreicher, K. M.},
 title = {Linear Programming in {$O\left(\frac{n^3}{\ln n}L\right)$} Operations},
 journal = {SIAM J. on Optimization},
 volume = {9},
 number = {4},
 month = {4},
 year = {1999},
 pages = {803--812},
 publisher = {Society for Industrial and Applied Mathematics},
 address = {Philadelphia, PA, USA},
 url={http://citeseerx.ist.psu.edu/viewdoc/download?doi=10.1.1.39.4402&rep=rep1&type=pdf},
 urldate={2014-05-07}
}
@article{Monteiro:1989,
 author = {Monteiro, R D.C. and Adler, I},
 title = {Interior path following primal-dual algorithms. {Part I}: Linear programming},
 journal = {Mathematical Programming},
 volume = {44},
 number = {1},
 month = {6},
 year = {1989},
 pages = {27--41},
 publisher = {Springer-Verlag New York, Inc.},
 address = {Secaucus, NJ, USA},
 url = {http://www2.isye.gatech.edu/~monteiro/publications/tech_reports/linear1.pdf},
 urldate = {2014-05-07}
}
@book{Vapnik1998,
 author={Vladimir N. Vapnik},
 title={Statistical Learning Theory},
 year={1998},
 publisher={Wiley-Interscience}
}
@article{smola1998connection,
  title={The connection between regularization operators and support vector kernels},
  author={Smola, A. and Sch{\"o}lkopf, B. and M{\"u}ller, K.},
  journal={Neural Networks},
  volume={11},
  number={4},
  pages={637--649},
  year={1998},
  publisher={Elsevier},
  url={http://alex.smola.org/teaching/berkeley2012/slides/Smola1998connection.pdf},
  urldate={2014-05-08}
}
@article{hardt2013robust,
  title={Robust Subspace Iteration and Privacy-Preserving Spectral Analysis},
  author={Hardt, M.},
  journal={arXiv preprint arXiv:1311.2495},
  year={2013},
  url={http://arxiv.org/pdf/1311.2495v1.pdf},
  urldate={2014-05-08}
}
@article{wahba1999support,
  title={Support vector machines, reproducing kernel {H}ilbert spaces and the randomized GACV},
  author={Wahba, G.},
  journal={Advances in Kernel Methods-Support Vector Learning},
  volume={6},
  pages={69--87},
  year={1999},
  publisher={Citeseer},
  url={http://citeseerx.ist.psu.edu/viewdoc/download?doi=10.1.1.53.2114&rep=rep1&type=pdf},
  urldate={2014-05-08}
}
@misc{dataset:CRM,
  title={Communities and Crime Data Set},
  author={Michael Redmond},
  year={2009},
  publisher={UCI Machine Learning Repository},
  url={https://archive.ics.uci.edu/ml/datasets/Communities+and+Crime},
  urldate={2014-05-08}
}
@misc{dataset:CSN,
  title={Census Income Data Set},
  author={Ronny Kohavi and Barry Becker},
  year={1996},
  publisher={UCI Machine Learning Repository},
  url={https://archive.ics.uci.edu/ml/datasets/Census+Income},
  urldate={2014-05-08}
}
@misc{dataset:CTG,
  title={Cardiotocography Data Set },
  author={Joaquim P. Marques de S\'a, Bernardes, J. and Ayres de Campos, D.},
  year={2010},
  publisher={UCI Machine Learning Repository},
  url={https://archive.ics.uci.edu/ml/datasets/Cardiotocography},
  urldate={2014-05-08}
}
@misc{dataset:PAM,
  title={PAMAP2 Physical Activity Monitoring Data Set},
  author={Attila Reiss},
  year={2012},
  publisher={UCI Machine Learning Repository},
  url={https://archive.ics.uci.edu/ml/datasets/PAMAP2+Physical+Activity+Monitoring},
  urldate={2014-05-08}
}
@misc{dataset:PKS,
  title={Parkinsons Telemonitoring Data Set},
  author={Athanasios Tsanas and Max Little},
  year={2009},
  publisher={UCI Machine Learning Repository},
  url={https://archive.ics.uci.edu/ml/datasets/Parkinsons+Telemonitoring},
  urldate={2014-05-08}
}
@misc{dataset:WDBC,
  title={Breast Cancer Wisconsin (Diagnostic) Data Set},
  author={Dr. William H. Wolberg, Nick Street and Olvi L. Mangasarian},
  year={1995},
  publisher={UCI Machine Learning Repository},
  url={https://archive.ics.uci.edu/ml/datasets/Breast+Cancer+Wisconsin+(Diagnostic)},
  urldate={2014-05-08}
}
@article{rutishauser1970simultaneous,
  title={Simultaneous iteration method for symmetric matrices},
  author={Rutishauser, Heinz},
  journal={Numerische Mathematik},
  volume={16},
  number={3},
  pages={205--223},
  year={1970},
  publisher={Springer},
  url={http://link.springer.com/content/pdf/10.1007%2FBF02219773.pdf},
  urldate={2014-05-08}
}
@article{shen1986newborn,
  title={Newborn screening for phenylketonuria in eleven districts},
  author={Shenru, Liu and Qihua, Zuo},
  journal={Chinese medical journal},
  volume={99},
  number={2},
  pages={113--118},
  year={1986},
  publisher={Chinese Medical Association}
}
@inproceedings{narayanan2008robust,
  title={Robust de-anonymization of large sparse datasets},
  author={Narayanan, Arvind and Shmatikov, Vitaly},
  booktitle={IEEE Symposium on Security and Privacy, SP 2008.},
  pages={111--125},
  year={2008},
  organization={IEEE},
  url={http://www.cs.pomona.edu/classes/cs190-2012/netflix_deanon.pdf},
  urldate={2014-05-09}
}
@article{goldwasser1984probabilistic,
  title={Probabilistic encryption},
  author={Goldwasser, Shafi and Micali, Silvio},
  journal={Journal of computer and system sciences},
  volume={28},
  number={2},
  pages={270--299},
  year={1984},
  publisher={Elsevier},
  url={http://www.sciencedirect.com/science/article/pii/0022000084900709},
  urldate={2014-05-09}
}
@book{van1996weak,
  title={Weak Convergence and Empirical Processes},
  author={Van Der Vaart, A. W. and Wellner, J.A},
  year={1996},
  publisher={Springer}
}
@article{chernoff1952measure,
  title={A measure of asymptotic efficiency for tests of a hypothesis based on the sum of observations},
  author={Chernoff, Herman and others},
  journal={The Annals of Mathematical Statistics},
  volume={23},
  number={4},
  pages={493--507},
  year={1952},
  publisher={Institute of Mathematical Statistics},
  url={http://projecteuclid.org/download/pdf_1/euclid.aoms/1177729330},
  urldate={2014-05-10}
}
@book{temli︠a︡kov1994approximation,
  title={Approximation of periodic functions},
	author={Vladimir Nikolaevich Teml\t{ia}kov},
  year={1994},
  publisher={Nova Science Pub Inc}
}
@inproceedings{reingold2008dense,
  title={Dense subsets of pseudorandom sets},
  author={Reingold, Omer and Trevisan, Luca and Tulsiani, Madhur and Vadhan, Salil},
  booktitle={49th Annual IEEE Symposium on Foundations of Computer Science (FOCS 2008)},
  pages={76--85},
  year={2008},
  organization={IEEE},
	url={http://people.seas.harvard.edu/~salil/research/pseudodense-eccc.pdf},
	urldate={2014-06-02}
}
@article{tao2008primes,
  title={The primes contain arbitrarily long polynomial progressions},
  author={Tao, Terence and Ziegler, Tamar},
  journal={Acta Mathematica},
  volume={201},
  number={2},
  pages={213--305},
  year={2008},
  publisher={Springer},
	url={http://arxiv.org/pdf/math/0610050v2.pdf},
	urldate={2014-06-03}
}